<record><leader>00000cas a22000007a 4500</leader><controlfield tag="001">16775347</controlfield><controlfield tag="008">870929d19601968nyuer ne      0    0eng d</controlfield><datafield ind1=" " ind2=" " tag="010"><subfield code="a">sn 87070279 </subfield></datafield><datafield ind1=" " ind2=" " tag="040"><subfield code="a">NYS</subfield><subfield code="b">eng</subfield><subfield code="c">NYS</subfield><subfield code="d">OCLCQ</subfield></datafield><datafield ind1=" " ind2=" " tag="042"><subfield code="a">msc</subfield></datafield><datafield ind1="0" ind2="4" tag="245"><subfield code="a">The Indian Lake bulletin.</subfield></datafield><datafield ind1=" " ind2=" " tag="260"><subfield code="a">Indian Lake, N.Y. :</subfield><subfield code="b">Catherine E. Sawyer,</subfield><subfield code="c">1960-1968.</subfield></datafield><datafield ind1=" " ind2=" " tag="300"><subfield code="a">v.</subfield></datafield><datafield ind1=" " ind2=" " tag="310"><subfield code="a">Biweekly</subfield></datafield><datafield ind1="0" ind2=" " tag="362"><subfield code="a">Vol. 1, no. 1 (Dec. 9, 1960)-v. 9, no. 1 (Dec. 13, 1968).</subfield></datafield><datafield ind1=" " ind2="4" tag="651"><subfield code="a">Indian Lake (N.Y.)</subfield><subfield code="v">Newspapers.</subfield></datafield><datafield ind1=" " ind2=" " tag="752"><subfield code="a">United States</subfield><subfield code="b">New York</subfield><subfield code="c">Hamilton</subfield><subfield code="d">Indian Lake.</subfield></datafield><datafield ind1="0" ind2="4" tag="785"><subfield code="t">Hamilton County news</subfield><subfield code="w">(DLC)sn 84031173</subfield></datafield><datafield ind1="1" ind2=" " tag="029"><subfield code="a">AU@</subfield><subfield code="b">000025795383</subfield></datafield></record>